<?xml version="1.0" encoding="UTF-8"?><collection xmlns="http://www.loc.gov/MARC21/slim"><record><leader>00438nam--2200169-i-4500</leader><controlfield tag="001">000036450</controlfield><controlfield tag="002">20161230</controlfield><controlfield tag="005">20170302004352</controlfield><controlfield tag="008">060222s1000------------r-----000-0-eng-d</controlfield><datafield ind1=" " ind2=" " tag="080"><subfield code="a">542</subfield></datafield><datafield ind1=" " ind2=" " tag="100"><subfield code="a">Powell, C. F</subfield></datafield><datafield ind1=" " ind2=" " tag="245"><subfield code="a">Vapor-plting. The formation of coatings by vapor-deposition techniques..</subfield></datafield><datafield ind1=" " ind2=" " tag="260"><subfield code="a">New York</subfield><subfield code="b">J.Wiley</subfield><subfield code="c">1955</subfield></datafield><datafield ind1=" " ind2=" " tag="300"><subfield code="a">158 p</subfield></datafield><datafield ind1=" " ind2=" " tag="700"><subfield code="a">Gonser, B. W</subfield></datafield><datafield ind1=" " ind2=" " tag="852"><subfield code="a">12146</subfield></datafield><datafield ind1=" " ind2=" " tag="CAT"><subfield code="a">SYS</subfield><subfield code="c">20170302</subfield><subfield code="h">004352</subfield></datafield></record></collection>